% introduction: toe pad morphology
@article{hanna1991adhesion,
  title={Adhesion and detachment of the toe pads of tree frogs},
  author={HANNA, GAVIN and Jon, W and BARNES, WP JON},
  journal={Journal of Experimental Biology},
  volume={155},
  number={1},
  pages={103--125},
  year={1991},
  publisher={The Company of Biologists Ltd}
}

@article{barnes2011elastic,
  title={Elastic modulus of tree frog adhesive toe pads},
  author={Barnes, W Jon P and Goodwyn, Pablo J Perez and Nokhbatolfoghahai, Mohsen and Gorb, Stanislav N},
  journal={Journal of Comparative Physiology A},
  volume={197},
  number={10},
  pages={969},
  year={2011},
  publisher={Springer}
}

@article{scholz2009ultrastructure,
  title={Ultrastructure and physical properties of an adhesive surface, the toe pad epithelium of the tree frog, Litoria caerulea White},
  author={Scholz, Ingo and Barnes, W Jon P and Smith, Joanna M and Baumgartner, Werner},
  journal={Journal of Experimental Biology},
  volume={212},
  number={2},
  pages={155--162},
  year={2009},
  publisher={The Company of Biologists Ltd}
}

@article{langowski2018force,
  title={Force-transmitting structures in the digital pads of the tree frog Hyla cinerea: a functional interpretation},
  author={Langowski, Julian KA and Schipper, Henk and Blij, Anne and van den Berg, Frank T and Gussekloo, Sander WS and van Leeuwen, Johan L},
  journal={Journal of anatomy},
  volume={233},
  number={4},
  pages={478--495},
  year={2018},
  publisher={Wiley Online Library}
}

@article{drotlef2015morphological,
  title={Morphological studies of the toe pads of the rock frog, Staurois parvus (family: Ranidae) and their relevance to the development of new biomimetically inspired reversible adhesives},
  author={Drotlef, Dirk M and Appel, Esther and Peisker, Henrik and Dening, Kirstin and del Campo, Ar{\'a}nzazu and Gorb, Stanislav N and Barnes, W Jon P},
  journal={Interface focus},
  volume={5},
  number={1},
  pages={20140036},
  year={2015},
  publisher={The Royal Society}
}

@article{ernst1973digital,
  title={The digital pads of the tree frog, Hyla cinerea. I. The epidermis},
  author={Ernst, Valerie V},
  journal={Tissue and Cell},
  volume={5},
  number={1},
  pages={83--96},
  year={1973},
  publisher={Elsevier}
}

% introduction: wet adhesive mechanisms
@book{laplace1799traite,
  title={Trait{\'e} de m{\'e}canique c{\'e}leste},
  author={Laplace, Pierre Simon},
  volume={1},
  year={1799},
  publisher={de l'Imprimerie de Crapelet}
}

@article{qian2006scaling,
  title={Scaling effects of wet adhesion in biological attachment systems},
  author={Qian, Jin and Gao, Huajian},
  journal={Acta biomaterialia},
  volume={2},
  number={1},
  pages={51--58},
  year={2006},
  publisher={Elsevier}
}

@incollection{yi2009dynamic,
  title={Dynamic Contact Model of Bio-Adhesive Pads of Animals: Simulation Experiments},
  author={Yi, Xiong and Ahmed, Imad and Kosinsky, Michael and Zhang, Xiangjun and Liu, Yonghe and Schaefer, J},
  booktitle={Advanced Tribology},
  pages={867--868},
  year={2009},
  publisher={Springer}
}

@article{su2009concave,
  title={Concave biological surfaces for strong wet adhesion},
  author={Su, Yewang and Ji, Baohua and Huang, Yonggang and Hwang, Kehchih},
  journal={Acta Mechanica Solida Sinica},
  volume={22},
  number={6},
  pages={593--604},
  year={2009},
  publisher={Springer}
}

@article{orchard2012influence,
  title={The influence of surface energy on the self-cleaning of insect adhesive devices},
  author={Orchard, MJ and Kohonen, Mika and Humphries, Stuart},
  journal={Journal of Experimental Biology},
  volume={215},
  number={2},
  pages={279--286},
  year={2012},
  publisher={The Company of Biologists Ltd}
}

@article{smith2006adhesion,
  title={Adhesion and allometry from metamorphosis to maturation in hylid tree frogs: a sticky problem},
  author={Smith, JM and Barnes, WJP and Downie, JR and Ruxton, GD},
  journal={Journal of Zoology},
  volume={270},
  number={2},
  pages={372--383},
  year={2006},
}

@article{peng2016microstructure,
  title={The microstructure morphology on ant footpads and its effect on ant adhesion},
  author={Peng, Zhilong and Wang, Cong and Chen, Shaohua},
  journal={Acta Mechanica},
  volume={227},
  number={7},
  pages={2025--2037},
  year={2016},
  publisher={Springer}
}

@article{langowski2018tree,
  title={Tree frog attachment: mechanisms, challenges, and perspectives},
  author={Langowski, Julian KA and Dodou, Dimitra and Kamperman, Marleen and van Leeuwen, Johan L},
  journal={Frontiers in zoology},
  volume={15},
  number={1},
  pages={1--21},
  year={2018},
  publisher={BioMed Central}
}

@article{kappl2016nanoscale,
  title={Nanoscale friction and adhesion of tree frog toe pads},
  author={Kappl, Michael and Kaveh, Farzaneh and Barnes, W Jon P},
  journal={Bioinspiration \& biomimetics},
  volume={11},
  number={3},
  pages={035003},
  year={2016},
  publisher={IOP Publishing}
}

@article{federle2004biomechanics,
  title={Biomechanics of ant adhesive pads: frictional forces are rate-and temperature-dependent},
  author={Federle, Walter and Baumgartner, Werner and H{\"o}lldobler, Bert},
  journal={Journal of Experimental Biology},
  volume={207},
  number={1},
  pages={67--74},
  year={2004},
  publisher={The Company of Biologists Ltd}
}


% on the tree frog spreading behaviour
@article{endlein2013sticking,
  title={Sticking like sticky tape: tree frogs use friction forces to enhance attachment on overhanging surfaces},
  author={Endlein, Thomas and Ji, Aihong and Samuel, Diana and Yao, Ning and Wang, Zhongyuan and Barnes, W Jon P and Federle, Walter and Kappl, Michael and Dai, Zhendong},
  journal={Journal of The Royal Society Interface},
  volume={10},
  number={80},
  pages={20120838},
  year={2013},
  publisher={The Royal Society}
}




% material properties
@article{barnes2013comparative,
  title={Comparative Cryo-SEM and AFM studies of hylid and rhacophorid tree frog toe pads},
  author={Barnes, W Jon P and Baum, Martina and Peisker, Henrik and Gorb, Stanislav N},
  journal={Journal of morphology},
  volume={274},
  number={12},
  pages={1384--1396},
  year={2013},
  publisher={Wiley Online Library}
}

@article{scholz2009ultrastructure,
  title={Ultrastructure and physical properties of an adhesive surface, the toe pad epithelium of the tree frog, Litoria caerulea White},
  author={Scholz, Ingo and Barnes, W Jon P and Smith, Joanna M and Baumgartner, Werner},
  journal={Journal of Experimental Biology},
  volume={212},
  number={2},
  pages={155--162},
  year={2009},
  publisher={The Company of Biologists Ltd}
}

@article{barnes2005mechanical,
  title={Mechanical properties of the toe pads of the tree frog, Litoria caerulea},
  author={Barnes, WJP and Perez-Goodwyn, P and Gorb, SN},
  journal={Comparative Biochemistry and Physiology. Part A: Molecular and Integrative Physiology},
  volume={141},
  number={3 Supp},
  pages={S145--S145},
  year={2005}
}

@article{bonser2000young,
  title={The Young's modulus of ostrich claw keratin},
  author={BONSER, RH C},
  journal={Journal of Materials Science Letters},
  volume={19},
  number={12},
  pages={1039--1040},
  year={2000}
}

@article{simpson196551,
  title={51—A COMPARISON OF METHODS OF MEASUREMENT OF YOUNG'S MODULUS FOR KERATIN FIBRES},
  author={Simpson, WS},
  journal={Journal of the Textile Institute Transactions},
  volume={56},
  number={12},
  pages={T675--T683},
  year={1965},
  publisher={Taylor \& Francis}
}

@article{lulevich2010single,
  title={Single cell mechanics of keratinocyte cells},
  author={Lulevich, Valentin and Yang, Hsin-ya and Isseroff, R Rivkah and Liu, Gang-yu},
  journal={Ultramicroscopy},
  volume={110},
  number={12},
  pages={1435--1442},
  year={2010},
  publisher={Elsevier}
}

@article{cameron2003young,
  title={Young’s modulus varies with differential orientation of keratin in feathers},
  author={Cameron, GJ and Wess, Tim J and Bonser, RHC},
  journal={Journal of structural biology},
  volume={143},
  number={2},
  pages={118--123},
  year={2003},
  publisher={Elsevier}
}

@article{peattie2007ancestrally,
  title={Ancestrally high elastic modulus of gecko setal $\beta$-keratin},
  author={Peattie, Anne M and Majidi, Carmel and Corder, Andrew and Full, Robert J},
  journal={Journal of The Royal Society Interface},
  volume={4},
  number={17},
  pages={1071--1076},
  year={2007},
  publisher={The Royal Society London}
}

@article{wenger2007mechanical,
  title={Mechanical properties of collagen fibrils},
  author={Wenger, Marco PE and Bozec, Laurent and Horton, Michael A and Mesquida, Patrick},
  journal={Biophysical journal},
  volume={93},
  number={4},
  pages={1255--1263},
  year={2007},
  publisher={Elsevier}
}

@article{harley1977phonons,
  title={Phonons and the elastic moduli of collagen and muscle},
  author={Harley, R and James, D and Miller, A and White, JW},
  journal={Nature},
  volume={267},
  number={5608},
  pages={285--287},
  year={1977},
  publisher={Nature Publishing Group}
}

@article{dutov2016measurement,
  title={Measurement of elastic modulus of collagen type I single fiber},
  author={Dutov, Pavel and Antipova, Olga and Varma, Sameer and Orgel, Joseph PRO and Schieber, Jay D},
  journal={PloS one},
  volume={11},
  number={1},
  pages={e0145711},
  year={2016},
  publisher={Public Library of Science San Francisco, CA USA}
}

@article{aaron1981elastin,
  title={Elastin as a random-network elastomer: A mechanical and optical analysis of single elastin fibers},
  author={Aaron, BB and Gosline, JM},
  journal={Biopolymers: Original Research on Biomolecules},
  volume={20},
  number={6},
  pages={1247--1260},
  year={1981},
  publisher={Wiley Online Library}
}

@article{gosline2002elastic,
  title={Elastic proteins: biological roles and mechanical properties},
  author={Gosline, John and Lillie, Margo and Carrington, Emily and Guerette, Paul and Ortlepp, Christine and Savage, Ken},
  journal={Philosophical Transactions of the Royal Society of London. Series B: Biological Sciences},
  volume={357},
  number={1418},
  pages={121--132},
  year={2002},
  publisher={The Royal Society}
}

@article{grant2009tuning,
  title={Tuning the elastic modulus of hydrated collagen fibrils},
  author={Grant, Colin A and Brockwell, David J and Radford, Sheena E and Thomson, Neil H},
  journal={Biophysical journal},
  volume={97},
  number={11},
  pages={2985--2992},
  year={2009},
  publisher={Elsevier}
}

@article{bertram1987functional,
  title={Functional design of horse hoof keratin: the modulation of mechanical properties through hydration effects},
  author={Bertram, JE and Gosline, JM},
  journal={Journal of Experimental Biology},
  volume={130},
  number={1},
  pages={121--136},
  year={1987},
  publisher={The Company of Biologists Ltd}
}

@article{nakano2016light,
  title={Light and electron microscopic analyses of the high deformability of adhesive toe pads in White's tree frog, Litoria caerulea},
  author={Nakano, Masato and Saino, Tomoyuki},
  journal={Journal of morphology},
  volume={277},
  number={11},
  pages={1509--1516},
  year={2016},
  publisher={Wiley Online Library}
}


% over het HGO model
@article{freutel2014finite,
  title={Finite element modeling of soft tissues: material models, tissue interaction and challenges},
  author={Freutel, Maren and Schmidt, Hendrik and D{\"u}rselen, Lutz and Ignatius, Anita and Galbusera, Fabio},
  journal={Clinical Biomechanics},
  volume={29},
  number={4},
  pages={363--372},
  year={2014},
  publisher={Elsevier}
}

@article{li2009three,
  title={Three-dimensional fibril-reinforced finite element model of articular cartilage},
  author={Li, LePing and Cheung, JTM and Herzog, W},
  journal={Medical \& biological engineering \& computing},
  volume={47},
  number={6},
  pages={607},
  year={2009},
  publisher={Springer}
}

@book{ogden1997non,
  title={Non-linear elastic deformations},
  author={Ogden, Raymond W},
  year={1997},
  publisher={Courier Corporation}
}

@article{mooney1940theory,
  title={A theory of large elastic deformation},
  author={Mooney, Melvin},
  journal={Journal of applied physics},
  volume={11},
  number={9},
  pages={582--592},
  year={1940},
  publisher={American Institute of Physics}
}

@article{holzapfel2000new,
  title={A new constitutive framework for arterial wall mechanics and a comparative study of material models},
  author={Holzapfel, Gerhard A and Gasser, Thomas C and Ogden, Ray W},
  journal={Journal of elasticity and the physical science of solids},
  volume={61},
  number={1-3},
  pages={1--48},
  year={2000},
  publisher={Springer}
}

@article{collins2011mechanical,
  title={Mechanical properties of suprarenal and infrarenal abdominal aorta: implications for mouse models of aneurysms},
  author={Collins, MJ and Bersi, M and Wilson, E and Humphrey, JD},
  journal={Medical engineering \& physics},
  volume={33},
  number={10},
  pages={1262--1269},
  year={2011},
  publisher={Elsevier}
}

% Modelling work and validation
@article{xue2017hybrid,
  title={Hybrid surface patterns mimicking the design of the adhesive toe pad of tree frog},
  author={Xue, Longjian and Sanz, Bel{\'e}n and Luo, Aoyi and Turner, Kevin T and Wang, Xin and Tan, Di and Zhang, Rui and Du, Hang and Steinhart, Martin and Mijangos, Carmen and others},
  journal={ACS nano},
  volume={11},
  number={10},
  pages={9711--9719},
  year={2017},
  publisher={ACS Publications}
}
